2575 4142
206 268 259 324 no
480 238 810 322 Meuania
953 279 957 284 ·

207 447 320 524 sau.
344 445 570 526 notiam
594 447 718 548 uogr.
727 446 773 523 ae
782 413 1052 526 Bibliothecae
1083 449 1090 464 ·

208 549 304 648 berg.
325 572 378 621 an.
388 559 473 642 1726.
525 546 596 621 Sed
611 545 655 623 ad
672 547 1091 628 CATHERlNOT

208 644 422 727 schediasma
436 668 675 740 reuertamur,
690 648 826 726 ibidem
848 651 973 728 staurit
996 677 1019 727 c

209 749 324 826 clercs
337 748 476 850 primos
497 770 637 824 tantum
654 749 796 850 ligneos
813 750 1028 828 admodum
1043 755 1077 832 R
1150 760 1157 834 i

209 850 285 928 larii
302 846 517 925 coniunelos
541 848 640 925 fuiss'e
649 904 660 942 ,
675 850 851 929 terminos
867 851 1110 932 technicos&
1133 889 1157 942 n

210 975 387 1053 typorum
403 975 533 1050 genera
550 972 755 1045 enumerat,
772 975 963 1054 certasque
986 953 1114 1048 literas,-
1136 959 1157 1042 fl

211 1074 324 1157 prout
338 1050 468 1152 lingnae
484 1051 641 1128 cuiusuis
665 1051 792 1153 genius
808 1053 986 1155 postulat,
1002 1055 1114 1134 moda
1141 1067 1157 1144 l

210 1154 332 1257 plures
355 1150 470 1227 modo
494 1152 681 1253 pauciores
704 1151 864 1231 inueniri
884 1177 1063 1251 annotat,
1076 1153 1116 1234 lit
1144 1189 1157 1246 t

211 1282 241 1332 e.
265 1279 297 1355 g.
322 1251 449 1330 Gallos
474 1253 611 1328 literam
632 1280 662 1345 e,
683 1254 864 1356 Hispanos
889 1283 923 1342 o,
950 1255 1072 1336 Italos
1094 1257 1117 1350 i,
1147 1293 1157 1374 1

212 1357 419 1435 Germanos
432 1380 470 1440 o,
485 1354 662 1431 Hebraeos
675 1380 713 1442 a,
729 1355 890 1433 Polonos
913 1354 937 1431 k
958 1382 1039 1454 prae
1062 1381 1116 1438 oe·
1150 1397 1157 1448 ι

212 1478 288 1536 tera
305 1479 428 1531 amare.
479 1457 537 1531 De
551 1457 786 1549 ornamentis
802 1457 933 1558 quibus
990 1483 1118 1564 pogn-
1152 1469 1157 1550 l

212 1558 279 1663 phi
299 1553 446 1632 codices
468 1553 549 1631 suos
572 1557 742 1634 decorare
762 1557 950 1651 solent,re
990 1559 1118 1640 eiudl
1155 1607 1157 1640 l

213 1679 281 1750 cat,
296 1682 337 1731 ea
353 1682 432 1733 non
446 1679 585 1733 tantum
601 1658 644 1734 ad
661 1658 818 1761 pretinm
833 1658 1046 1774 augendum
1061 1687 1086 1740 v
1112 1685 1116 1690 ·
1155 1675 1157 1686 '

213 1785 293 1838 rum
307 1756 470 1834 etiamad
487 1760 846 1837 commendationem
862 1760 1125 1842 hbrommboa

214 1884 350 1939 norum
372 1883 473 1959 aeque
496 1885 536 1935 ac
559 1861 736 1936 malornm
761 1859 875 1937 saltim
898 1859 1000 1975 apud
1013 1861 1122 1942 indo:

215 1963 293 2041 clos
315 1960 511 2063 plurimum
536 1960 714 2037 conferre.
765 1964 1060 2063 Propornonem
1083 1985 1122 2042 ac

215 2058 478 2141 dimensionem
508 2062 689 2139 literarum
719 2062 955 2240 eppograpltis
986 2064 1123 2142 nostris

215 2162 413 2244 accuratius
429 2159 652 2239 obseruatam
666 2163 723 2239 lau
751 2187 792 2240 at.
843 2162 1124 2244 Ineditionibns

215 2263 442 2373 principibus
472 2262 721 2340 &codicibus
752 2264 877 2368 primis
905 2263 1124 2368 colligendis

216 2368 310 2446 adeo
336 2362 516 2440 curiosum
540 2364 577 2442 bc
598 2365 814 2442 industrium
837 2364 872 2441 se
918 2365 1071 2462 raebuit,
1085 2387 1133 2444 ut·

211 2468 295 2575 ipsis
323 2467 612 2544 MAITTnuul
633 2467 836 2545 Annalibus
902 2491 1045 2570 ypogra
1073 2467 1127 2546 hi·

217 2572 269 2649 cis
285 2567 349 2669 l'up
377 2566 533 2643 lementa
549 2594 627 2643 non
642 2593 753 2671 pauca
769 2567 901 2644 exinde
920 2493 1126 2648 accredere

217 2592 383 2777 potuillie),
400 2668 506 2744 nobis
524 2692 627 2746 certo
644 2666 1126 2846 perluadeamusffppogra·

218 2772 313 2892 phia‘
329 2795 369 2844 ac
389 2769 631 2873 Typograplti
653 2767 888 2863 celebriores,
903 2769 969 2870 qui
998 2769 1127 2874 emptis

218 2874 475 2962 inclaruerunt,
490 2896 575 2945 cum
589 2869 694 2958 laude
714 2869 953 2963 adducuntur,
969 2894 1042 2948 nee
1057 2871 1128 2948 mi·

220 2999 289 3053 nus
312 2971 500 3074 peculiaris
523 2995 636 3071 eaque
661 2996 770 3086 quarn
793 2969 995 3048 honorifica
1016 2995 1128 3050 men·

219 3078 274 3153 tio
289 3072 379 3151 faeta
393 3073 444 3147 est
467 3071 513 3148 de
526 3072 612 3166 illis,
629 3097 692 3173 qur
713 3068 930 3175 sumptibus,
945 3069 1074 3148 fauore
1089 3069 1129 3150 ἃ

221 3174 431 3255 aubloritate
447 3194 558 3248 artem
574 3173 733 3249 diuinam
749 3171 904 3249 feliciter
925 3197 1129 3274 promoue-

219 3299 315 3357 runt.
341 3276 469 3351 l’raeter
483 3275 604 3373 ignem
621 3273 659 3350 ὅ(
674 3299 812 3375 aquam,
828 3273 987 3350 exitiales
1003 3273 1130 3350 omnis

220 3380 411 3458 literaturae
432 3376 569 3466 holleS,
591 3374 772 3474 procellos
803 3396 930 3451 contra
952 3372 1068 3450 libros
1091 3371 1131 3452 δι

200 3498 470 3586 ,paupertatem
505 3476 743 3582 typographis
774 3474 915 3581 semper
942 3472 1132 3592 mimicam

1032 3597 1132 3657 exta-
