2575 4142
343 329 896 421 LintonuuRanionuu.
1048 349 1110 438 167

199 539 364 619 raliffime
386 564 472 626 cum
494 538 630 618 eodem
653 540 1026 633 communicauerint,
1040 567 1113 620 nec

199 664 325 719 tamen
346 639 421 744 ipse
443 639 630 742 diligentia
652 639 711 718 sua
731 642 837 757 operi
861 642 947 720 huic
977 640 1110 734 defuit,

197 741 262 819 sed
283 742 478 820 memorias
509 740 586 818 suas
611 742 875 846 utplurimum
905 741 1114 826 certiffimas.

180 869 182 874 ·
227 844 372 919 raestitit.
421 843 572 922 Interim
620 844 765 922 eculi'ari
788 842 848 922 sua
862 843 967 921 laude
981 843 1111 922 Celeb-

195 869 277 1040 iO.
290 945 531 1024 BURCH.·
601 946 859 1026 NCKENlUS
884 943 1112 1023 aestimandus

197 1046 270 1137 est,
293 1045 359 1146 qui
380 1046 582 1149 augmentis
605 1046 889 1126 cumulatillimis
914 1044 1112 1124 &iudiciis

195 1144 473 1249 exquifitillnnis
487 1147 690 1224 editionem
707 1146 956 1251 suamegregie
970 1144 1112 1226 ditauo

193 1270 262 1327 rat
294 1251 370 1325 De
389 1251 485 1334 SEB.
499 1249 733 1328 COLETI
756 1249 1014 1327 acceffionibus
1028 1273 1112 1328 non

193 1348 275 1427 satis
291 1351 444 1433 constat
488 1352 577 1427 Nos
592 1352 719 1444 etiam,
736 1351 960 1428 editionibus
977 1350 1110 1452 priori-
1139 1435 1143 1441 .

194 1452 266 1530 bus
281 1450 328 1527 de
341 1450 515 1530 industria
529 1451 788 1556 praetermiffiS,
804 1452 977 1529 editionis
999 1450 1111 1553 huius

192 1554 388 1657 postremae
408 1552 586 1656 inprimis·
603 1579 693 1631 vero
719 1553 990 1656 Exemplarium
1013 1576 1113 1655 quo-

193 1653 354 1733 rundam
368 1679 449 1733 non
462 1656 696 1733 castratorum
720 1681 924 1758 eorumque
972 1651 1110 1758 aucilst«

194 1780 347 1832 morum
380 1757 593 1834 memoriam
626 1755 840 1835 conseruare
873 1759 930 1834 stu
957 1756 1110 1833 ebimus.

192 1857 285 1935 Post
298 1856 444 1936 titulum
457 1857 498 1935 in
512 1858 683 1961 peculian'
703 1859 843 1962 plagula
858 1880 985 1935 extant
998 1856 1110 1934 verba

191 1956 381 2062 sequentia
404 1958 579 2036 codicum
601 1960 754 2037 istorum
783 1960 1031 2061 integritatem
1049 1958 1110 2034 in·
1138 2037 1142 2046 ,

192 2059 374 2137 dicentia:
397 2059 438 2138 Il.
454 2063 515 2161 n’y
533 2087 558 2136 a
574 2062 675 2161 point
698 2060 741 2137 de
768 2064 919 2137 Cartons
940 2059 1032 2137 dans
1054 2077 1110 2134 cet

191 2162 425 2261 Exemplaire.
475 2163 584 2262 Qot
604 2164 645 2238 in
673 2161 948 2264 Exemplaribus
979 2158 1111 2237 ceteris

190 2263 370 2341 mutilatis
400 2264 576 2340 inuenias.
593 2262 775 2339 asteriscos
803 2263 1022 2365 paginarum&
1036 2283 1109 2337 nu-

189 2365 305 2454 meris
320 2363 489 2459 adiectos,
504 2388 563 2445 tot
585 2365 694 2442 etiam
708 2365 766 2441 vel
781 2363 863 2440 loca
879 2364 916 2442 ἃ
930 2362 1108 2442 verba-ro·

189 2465 291 2543 milla
306 2466 366 2545 vel
383 2467 661 2545 enunciationes
677 2488 828 2542 mutatas
844 2464 913 2542 elle
927 2463 1040 2548 scito;
1054 2463 1109 2545 'in

189 2571 296 2646 Parte
315 2591 438 2647 autem
465 2568 581 2671 prima
603 2569 641 2645 ἃ
668 2564 824 2666 secunda
845 2564 1108 2670 quamplurimi

191 2692 397 2747 occurrunt
466 2668 656 2747 Eiusmodi
677 2666 871 2772 Exemplar
893 2667 991 2772 apud
1013 2664 1106 2746 Gal*

190 2773 253 2850 los
274 2773 404 2873 pariter
425 2769 639 2849 &Batauos
660 2769 783 2872 magni
804 2767 886 2847 sane
907 2769 1017 2870 pretii
1039 2769 1106 2861 est,

189 2872 231 2951 δι
245 2874 304 2950 vel
312 2895 460 2950 centum
467 2868 616 2964 florenis
631 2871 841 2953 aestimatum
863 2870 1105 2947 WETSTE-

189 2977 314 3076 NIUS
337 2974 386 3052 fil.
400 2972 603 3076 bibliopola
619 2971 716 3075 apud
729 2976 884 3049 Batauos
908 2972 1104 3049 celeberri-

190 3103 275 3154 mus
287 3075 500 3153 iamdudum
514 3074 678 3169 sollicite,
693 3094 734 3151 vt
749 3073 892 3172 lacunas
915 3074 1105 3180 lineasque

189 3200 346 3256 mutatas
362 3177 580 3270 restitueret,
596 3175 783 3276 exemplar
805 3175 990 3277 integrum
1005 3199 1104 3275 quae·
1146 3180 1148 3183 ’

189 3279 283 3375 fiuit,
299 3276 360 3355 sed
381 3276 508 3357 frustra
528 3278 616 3355 fuit:
641 3277 677 3354 Si
692 3276 801 3352 etiam
822 3276 886 3378 ipfi
908 3298 981 3352 tam
1001 3274 1104 3354 felici

190 3380 262 3458 effe
278 3380 368 3456 olim
383 3380 636 3481 contingeret,
651 3379 781 3454 vereor
795 3401 934 3470 tamen,
948 3401 998 3453 ne
1021 3396 1102 3455 ver-

190 3483 236 3560 ba
252 3482 310 3558 illa
325 3481 373 3558 de
387 3481 716 3570 WETSTENIIS,
742 3505 822 3579 quae
837 3481 875 3555 in
887 3480 1102 3581 exemplaris

189 3584 351 3676 cuiusuis
364 3584 473 3661 etiam
489 3583 628 3661 castini
642 3581 769 3660 Indice
790 3608 871 3661 non
886 3581 1017 3758 violatp
1041 3582 1102 3655 ha-

605 3686 638 3762 L
662 3709 688 3782 4
979 3689 1104 3759 tenus
