2575 4142
279 303 334 380 nt
490 293 864 377 *Menum
989 305 1016 324 ’“

278 499 587 604 descriptoribus
612 501 811 579 Historiam
834 501 954 579 Seculi
974 503 1072 581 XVI

275 601 474 684 uentibus
488 598 679 703 'subiungit
700 602 749 679 ad¹
773 604 814 681 ri
841 602 1072 701 Masturctt'c'

271 705 333 786 'ita
355 702 510 802 differit:
541 702 631 780 ibat
659 702 749 779 Book
777 729 849 780 wat
863 703 1016 803 printed
1026 729 1070 781 at

278 816 420 902 ¹1650.4¹
443 800 588 879 without
602 799 661 902 the
679 802 824 894 authors
838 807 960 882 Name.
998 808 1072 884 Vic'

308 929 367 999 ue,
381 904 486 1006 quo'd
499 905 764 1008 ROCQJIUS
785 906 825 981 in
846 905 933 983 loco
947 906 1071 1010 impre

280 931 657 1120 gefigntndomec'um
671 1005 888 1084 consentiat:
913 1029 947 1083 at
960 1007 999 1084 in
1017 1035 1072 1104 eo:

282 1105 664 1185 editionemeandem
685 1107 842 1206 primam
858 1107 916 1185 vel
931 1105 1046 1186 solam
1070 1154 1072 1172 1

277 1275 280 1280 .
309 1207 476 1300 utauerit,
496 1208 653 1284 omuino
672 1207 813 1284 fallitur.
856 1210 1046 1324 ,Qamuis
1070 1248 1073 1282 2

280 1234 377 1389 iinis
390 1308 529 1388 vicibus
549 1308 642 1402 liber
656 1309 728 1386 iste'
743 1308 941 1413 'exscriptus
953 1309 1012 1403 fit,
1029 1337 1073 1389 ex

281 1409 414 1490 monio
429 1415 551 1487 tamen
571 1410 781 1488 CHRISTI.
790 1411 1008 1490 'GRYPHII
1032 1413 1056 1489 l.

280 1510 374 1592 olim
388 1509 681 1589 liber'rariffimus
704 1509 741 1587 ἃ
762 1511 1022 1590 venustissimus
1047 1513 1073 1591 fi

164 1647 199 1683 .·
280 1610 396 1693 hodie
408 1611 496 1689 dans
510 1611 694 1689 leRecueil
704 1612 1073 1692 remoraturam

276 1738 317 1818 .p.
333 1737 375 1788 21.
399 1738 436 1789 ce
450 1712 542 1789 livre
556 1713 701 1790 curieux
714 1711 756 1807 εἴ
769 1738 854 1789 rare
868 1716 1074 1816 appedatur.

278 1813 432 1917 quidem
447 1813 605 1929 elogium
630 1812 678 1890 de
702 1814 867 1893 editione
889 1816 1073 1919 posterior

276 1916 360 2009 Jtum
373 1914 526 2017 intelligr
544 1915 684 1993 malunt
707 1916 839 1994 eruditi
860 1916 1014 1995 Lutetiae
1038 1919 1073 1994 P:

278 2041 361 2097 rum
385 2015 579 2118 degentes,
602 2040 735 2120 utpote
757 2018 820 2119 qui
848 2015 964 2121 prio'ri
994 2044 1073 2096 nun

277 2117 438 2222 ‘pretium
454 2117 588 2218 equale
603 2119 754 2195 statuere
767 2118 903 2203 solent3
928 2122 1071 2197 Verum

279 2245 369 2297 vero
384 2223 508 2320 n'eque
522 2218 588 2312 isti,
604 2245 713 2319 quam
728 2219 952 2297 oculatissimi
968 2221 1073 2298 etiam

149 2384 154 2394 .
278 2320 396 2400 videri
427 2319 559 2419 velint,
593 2318 835 2419 sstssuupvoiees
871 2343 1073 2399 ceteroturr.

276 2420 437 2524 gentiam
452 2445 532 2497 non
551 2418 692 2523 semper
698 2420 913 2523 jpraeueniffe
922 2422 1073 2527 putandi

278 2521 491 2600 Collatione
519 2521 619 2598 euim
640 2544 755 2600 utram
784 2548 831 2600 ue
857 2524 955 2601 inter
977 2521 1073 2600 editi

278 2620 433 2700 studiose
449 2621 539 2699 faeie
550 2617 754 2726 perspicere
787 2623 1010 2717 ‘cuit,illum‚
1018 2650 1073 2726 qu

277 2721 444 2801 lectionis
460 2724 674 2801 Literariaea
697 2748 862 2827 ¹paratum
874 2723 977 2804 iactat
991 2751 1074 2804 neut

277 2824 349 2901 cile
363 2833 482 2901 carere
496 2823 608 2927 poste,
624 2750 699 2902 niiJ
705 2826 909 2903 alterutram
932 2848 1073 2903 tanturn

276 2923 393 3002 fidens
409 2924 564 3003 editioni
578 2924 647 3002 suae
660 2926 867 3027 cuicunque
885 2926 1023 3105 optima
1046 2953 1072 3043 q

276 3026 359 3103 loca
374 3025 501 3120 deesse
517 3024 620 3104 fimul'
633 3026 861 3111 confiteatur.
951 3055 1003 3105 on
1011 3055 1073 3105 em

268 3126 442 3228 pinorum
457 3149 599 3205 tantum
614 3151 772 3207 numero
796 3155 924 3208 verum
948 3156 1072 3231 argum

274 3252 356 3306 rum
372 3228 479 3304 etiam
494 3228 662 3306 varietate
676 3228 799 3331 passim
813 3257 832 3308 a
846 3230 953 3308 nobis
968 3252 1072 3307 notat

272 3327 526 3414 baedifferunt.
551 3329 667 3431 Qod
691 3329 841 3430 quidem
857 3357 905 3407 ne
919 3356 985 3434 per
999 3329 1074 3407 som

274 3429 365 3507 mihi
380 3428 531 3507 sortaffis
547 3430 734 3507 obuenisse
748 3431 921 3526 videatur,
938 3458 1001 3507 are
1017 3458 1074 3534 qu:

267 3555 390 3637 ¹caque
411 3556 489 3614 rem
517 3530 730 3618 Literariao
751 3534 864 3639 magis
884 3460 1074 3641 speiantia
