2575 4142
236 453 238 457 Ι
339 350 884 432 LrnroreuRAnronun.
1005 377 1111 451 -u3.

376 511 380 538 ,
585 510 588 516 .

147 581 275 633 ,mero
322 554 523 632 uatemario
552 579 593 630 ac
615 549 726 631 variis'
747 552 916 632 nasorum
945 553 1079 634 formis

136 729 139 739 .
162 657 282 736 rlocet
296 580 333 733 bc
346 653 469 733 nasum
489 654 681 758 paruulum
702 654 946 732 commendat.
971 655 1077 736 Prosa

135 753 235 835 liv.
257 755 477 834 inscribitur:
509 753 667 833 Pulchrae
680 755 772 855 fiant
786 782 885 856 genae
907 756 1078 852 tuaeficut

136 883 144 916 ¹
174 861 361 947 Turruris:
383 857 460 935 haec
475 855 522 933 de
536 854 687 959 planitie
702 857 744 933 in
759 856 901 934 maxilla
916 858 1077 959 triangu-

135 1005 141 1052 ι
165 958 280 1040 luem
303 956 461 1036 formam
476 965 535 1035 'ex
557 981 660 1059 parte
681 956 791 1035 faciei
814 958 992 1059 figurante
1014 985 1077 1037 ex-

140 1111 145 1122 ·
165 1059 297 1238 plicat,
321 1060 460 1163 quippe
475 1083 557 1235 quae
569 1057 706 1236 species
721 1059 905 1162 praecipue
928 1059 1083 1137 nuturi-'

196 1186 236 1260 us
259 1157 466 1258 communis
494 1181 531 1236 rt.
616 1186 683 1235 oca
707 1160 873 1262 quaedam
894 1186 1076 1239 memora-

166 1284 210 1338 tu
226 1260 335 1366 digna
348 1259 432 1339 heic
446 1283 656 1356 occurrunt,
671 1261 895 1364 alterpag.22.
911 1263 973 1339 ubi
983 1285 1077 1341 con-

136 1407 140 1422 =
162 1361 306 1455 tendit,
331 1362 416 1465 post
438 1357 577 1465 lapsum
598 1364 722 1439 ADAE
750 1364 912 1439 monstra
932 1384 1076 1466 turpes-

160 1488 241 1564 que
256 1462 392 1542 formas
406 1462 595 1565 contigille
607 1485 779 1564 tanquam
794 1463 997 1565 generalem
1005 1464 1079 1541 irn-

163 1563 433 1670 perfeelionem
449 1562 614 1665 aliquam,
629 1589 710 1666 quae
723 1564 809 1640 ellet
821 1588 932 1665 poena
946 1591 1081 1669 pecca.

136 1665 195 1760 [ti
210 1665 250 1743 in
264 1663 436 1741 omnibus
450 1665 667 1758 emporibus
682 1664 906 1759 &creaturis
916 1693 1005 1744 exce
1031 1690 1074 1745 to

154 1765 304 1845 'Christi
319 1790 479 1880 corpore·
492 1764 700 1859 Saluatoris,
716 1766 780 1867 qui
792 1765 971 1868 speciosus
992 1693 1073 1846 iir-

162 1881 226 1944 m'a
272 1891 320 1943 rae
342 1865 424 1944 filris
453 1867 648 1944 hominum
676 1889 861 1971 appareret
885 1868 921 1945 &
942 1869 1074 1972 depre-

162 1891 416 2049 henieretur:
448 1968 535 2044 alter
564 1993 666 2072 μμ.
695 1989 821 2045 extans
846 1968 1074 2072 auclorisque

160 2065 400 2163 sententiam,
415 2094 485 2170 qua
501 2069 679 2172 virginem
696 2071 845 2147 Mariam
861 2094 1013 2173 peccato
1029 2072 1073 2148 li-

160 2167 289 2250 beram
318 2172 553 2273 pronunciat,
584 2171 720 2273 aperit:
745 2172 1072 2274 Qemadmodum

150 2266 276 2373 ,spinis
291 2296 371 2347 non
400 2270 541 2349 ladimr
562 2295 622 2349 aut
644 2269 801 2349 fuscatur
829 2273 894 2348 lilii
922 2273 1076 2367 candor,

158 2369 213 2453 ita
234 2397 306 2448 nec
333 2395 484 2474 peccato
514 2371 591 2450 laesa
612 2395 673 2451 aut
699 2372 830 2450 fuscata
860 2373 932 2450 fuit
955 2378 1074 2451 Beatae

161 2473 287 2553 Mariae
299 2473 447 2576 virginis
469 2475 596 2553 animae
612 2474 856 2578 pulchritudo.
910 2478 992 2552 Hac
1006 2476 1073 2553 ita-

160 2597 237 2688 que
252 2573 393 2651 ratione
405 2573 605 2652 secundum
621 2574 715 2652 dicia
729 2602 775 2652 ex
796 2576 956 2654 Cantica
973 2580 1072 2655 Can-

161 2674 515 2779 trcorumproposrta
530 2675 577 2753 de
593 2677 729 2779 geniis,
745 2677 865 2772 labiis,
889 2677 1072 2773 dentibus,

159 2774 313 2881 capillis,
328 2776 467 2871 colore,
482 2803 587 2871 voce,
602 2777 714 2872 colle,
730 2776 898 2856 uberibus
915 2780 1072 2858 &statu-

160 2901 202 2954 ra
224 2876 401 2970 distentu,
429 2904 625 2981 rerumque
650 2902 858 2981 argumenta
883 2907 929 2957 ex
952 2880 1072 2958 finili-

160 2977 242 3072 bus,
258 2978 349 3054 locis
366 2978 552 3057 auclomm
563 3004 744 3074 retertun,
760 2979 946 3057 interdum
961 2983 1072 3060 ctiam

156 3103 210 3155 ex
233 3079 445 3179 antiquitate
466 3081 652 3184 congeffit.
704 3080 810 3160 Prola
830 3085 928 3158 XlV.
947 3107 1017 3183 qua
1031 3083 1072 3160 in

160 3179 286 3268 verba:
318 3183 404 3256 Tota
418 3179 568 3280 pulchra
590 3210 628 3257 er
650 3182 764 3259 amica
786 3208 864 3258 mur
878 3180 918 3275 οἳ
933 3183 1072 3259 oracula

159 3305 229 3356 non
246 3278 292 3372 cst
305 3278 342 3354 in
355 3302 412 3368 te,
427 3283 499 3359 toti
522 3281 718 3385 opuscu10,
742 3281 967 3364 inutiliffimo
987 3284 1071 3360 saue

159 3379 416 3494 colophonem
432 3382 604 3485 imponit.
655 3384 784 3462 Cuiuis
805 3384 965 3462 Sec‘lioni
982 3384 1071 3462 cffii-

159 3480 237 3596 gies
252 3482 436 3559 interiecla
449 3486 514 3578 cll,
524 3510 605 3586 qua·
613 3483 927 3585 pulchritudinem
943 3486 1072 3561 secun-

159 3581 252 3660 dum
273 3608 376 3677 carn,
400 3612 508 3688 quam
537 3586 680 3678 trallat,
709 3608 850 3694 partem
871 3587 1071 3768 adumppet,

167 3709 181 3726 ··
255 3703 260 3724 ²
625 3690 666 3770 H
998 3687 1074 3764 cie
