2575 4142
362 357 608 436 Lmnoaurr
631 356 887 437 Raaro'nvrr.
1037 382 1091 455 99

177 587 263 637 mes.
285 558 408 642 Paris.
431 560 646 638 GALLIO
661 560 1085 643 TduPreMMxx

177 660 313 754 ¹edidit,
335 658 440 761 quod
468 683 539 764 ppo
566 683 624 745 ter
645 662 822 756 carmina,
879 661 984 738 uibus
1006 659 1094 757 ]Ο-Ι

177 763 414 840 ΗΑΝΝΑΜ
441 762 525 863 Pap'
554 762 612 838 'am
634 760 773 856 illudit,
797 687 915 840 doiis
938 762 1092 839 aestima-1

178 884 248 941 tur.
266 860 399 939 confer
410 862 575 947 BAYLE
588 862 827 939 Ditlionnaire
840 860 926 954 Hill.
942 860 983 957 ὅ
996 862 1093 942 Crit..

178 966 264 1044 Art.
278 962 471 1064 arenaqui
486 964 648 1042 CROIX
670 962 720 1041 du
733 966 900 1041 MAINE
914 962 951 1041 &
966 966 1088 1044 VER-

179 1064 332 1150 DIERu
351 1063 544 1142 memorias
559 1060 729 1179 inspersu,
745 1064 875 1165 quibus
895 1089 965 1142 nos
987 1063 1090 1141 addi-

180 1163 485 1259 musinttastam
499 1164 686 1267 chyrmco,
700 1166 802 1243 cuius
817 1162 1092 1268 inseriptiohaeo
1138 1199 1140 1208 ·

180 1266 259 1355 est:
292 1268 352 1343 De
379 1264 418 1342 la
450 1262 755 1367 Transfhrmation
774 1267 976 1370 metallique
1002 1270 1089 1342 tror't

177 1366 323 1454 anciens
352 1365 500 1443 traidez
530 1393 573 1442 en
601 1364 732 1443 rithmo
759 1366 954 1468 Franqoist.
982 1370 1090 1468 Lyon.

179 1469 235 1547 M
251 1468 299 1543 D..
310 1468 394 1546 XC.
416 1493 457 1544 12
473 1491 574 1570 pagg.
591 1494 638 1563 57.
655 1467 742 1570 legi:
768 1468 929 1545 Extraitl
946 1466 995 1544 du
1022 1472 1090 1543 Ro-

180 1567 340 1650 monade
361 1567 599 1667 laRrssouI.
631 1570 922 1647 CLOPINEL
947 1568 1020 1645 dirir
1046 1567 1094 1645 de

182 1671 270 1747 ME
279 1672 316 1745 U
321 1670 364 1746 N
366 1670 398 1747 G
413 1668 563 1768 parlant
583 1668 645 1745 des
651 1669 765 1769 faidis
780 1690 862 1747 tant
875 1668 919 1748 de
943 1670 1101 1756 Nature,

181 1794 255 1875 que
267 1770 312 1848 de
328 1766 493 1882 l’artson
505 1771 691 1849 imitareur
704 1767 840 1873 esrrtpt.

184 2089 532 2186 wDoVHENR
562 2103 790 2181 LOMENII
806 2103 967 2186 Brimnae
982 2106 1094 2185 Corrrr'.¹

222 2227 269 2300 tis
281 2222 367 2324 Regi
380 2246 405 2298 a
420 2219 594 2318 Corfiliri,
615 2220 740 2298 aeribus
754 2219 795 2314 θ’
809 2217 972 2321 Epislolis,
992 2222 1059 2299 Iti-

272 2346 466 2424 nerarium.
485 2344 633 2444 Parifiis.
648 2350 739 2453 typis
760 2342 1008 2425 Cramofianis.
1032 2400 1035 2403 -

392 2480 620 2559 MDCLX
637 2506 681 2556 12.
701 2503 803 2581 pagg·
818 2504 867 2573 39·
969 2550 971 2556 ,

187 2625 389 2798 Veritati
408 2631 567 2707 omnino
589 2628 749 2722 constat,
772 2627 977 2708 editionem
1007 2623 1097 2707 alte-

295 2758 381 2827 ram,
397 2756 476 2834 quae
491 2752 640 2828 curante
660 2731 876 2811 CAROLO
895 2731 1096 2810 PATINO

189 2837 239 2919 D.
254 2837 305 2911 M.
322 2836 359 2910 P.
375 2832 514 2936 prodiit
534 2831 632 2909 arino
648 2834 699 2908 M.
713 2832 794 2909 DC.
804 2832 898 2908 LXI.
916 2844 944 2919 8.
962 2829 1099 2909 3υᾶἰο-

188 2961 270 3014 rem
293 2933 330 3013 &
353 2931 635 3037 splendidiorem
658 2930 870 3035 apparuisse,
894 2956 975 3008 non
998 2931 1101 3009 enim

190 3058 336 3115 tantum
352 3034 581 3136 antiquitates
594 3055 702 3148 atque
718 3030 971 3209 inscriptiones
987 3032 1101 3134 inpri-

192 3138 261 3214 mis
278 3136 357 3229 illae,
375 3160 456 3237 quae
471 3136 510 3212 in
523 3131 657 3213 sacelhs
672 3159 713 3211 ac
727 3154 828 3236 temp
843 3158 872 3209 1s
889 3156 1100 3226 cernuntur,

185 3263 323 3327 ,vemm
339 3236 447 3314 etiam
464 3236 538 3313 aliae
552 3236 675 3313 fimrae
691 3235 749 3311 aeri
763 3232 903 3319 incisae,
920 3232 1102 3335 prolixior

221 3364 346 3441 uoque
362 3298 615 3440 expoirtiosis
634 3336 735 3415 NIC.
760 3336 967 3413 SANSON
985 3333 1105 3412 Index

180 3659 182 3664 ·
260 3655 286 3708 .’
616 3636 656 3720 G
681 3665 701 3714 2
1004 3714 1010 3724 ,
1053 3660 1104 3735 ης
