2575 4142
343 346 603 427 Lmnonum
627 347 902 427 Rationum.
1051 376 1100 451 97

190 552 297 655 prior
317 552 412 652 opds
435 549 639 637 inchoauit,
662 550 844 652 posterior
870 556 1098 654 cognomine

189 652 516 743 CLOPINEL,
532 650 707 751 quoniam
734 651 832 754 pede
858 651 1098 749 claudicabat,

190 753 392 868 appellatus
422 751 653 828 continuauit
679 751 717 829 ἃ
747 750 908 829 absoluit.
969 755 1096 833 Editio

189 875 324 957 pnma,
340 877 420 957 quae
441 848 640 929 seeundum
661 854 948 953 MENAGIUM
969 860 1098 934 Mena-

189 955 381 1059 gianorum
396 954 447 1036 T.
461 955 524 1030 lV.
551 977 586 1056 p.
610 965 667 1050 67.
683 953 723 1031 dt·
741 956 1097 1037 BAILLETUM

188 1056 282 1137 alans
298 1055 365 1130 let·
378 1058 562 1158 sugemem
582 1053 645 1128 de's
668 1056 877 1132 amansT.
900 1058 970 1134 IV.
1021 1084 1096 1153 ,ῃ

190 1182 291 1233 anno
307 1159 356 1234 Μ.
364 1158 410 1233 D.
419 1157 551 1233 XXIX.
564 1154 605 1231 in
618 1170 650 1242 8.
667 1155 762 1258 apud
784 1158 992 1235 GALIO·
1046 1159 1096 1239 du

190 1254 286 1335 PRE
304 1255 462 1373 prodiit,
477 1254 686 1333 mendofior
698 1254 771 1334 suit
791 1256 877 1349 hac,
893 1283 1001 1373 quarn
1025 1285 1096 1340 nos

190 1357 418 1451 adduximus,
432 1356 535 1439 sicuti
550 1357 593 1433 ab
609 1357 754 1435 auclore
768 1357 1004 1472 exposruonis
1025 1388 1096 1439 no·

188 1481 246 1536 uae
259 1479 474 1537 annotatum
495 1458 556 1534 est.
606 1450 708 1535 Idem
729 1459 1095 1561 prolixius-narrauit,

136 1654 138 1659 ‚
187 1561 290 1637 unde
312 1554 415 1637 Rosoe
436 1558 760 1662 cognomen-liber
773 1557 833 1637 hic
847 1562 1016 1663 po'e‘ticus
1031 1588 1096 1639 na·

136 1734 138 1743 .
187 1657 267 1739 etus
288 1658 330 1737 lit
352 1659 391 1737 ἃ
411 1679 568 1760 quatuor
588 1656 864 1762 fignificationes
886 1661 946 1738 vel
969 1661 1095 1766 potius

136 1824 140 1861 ;
187 1759 550 1841 accommodationes
579 1761 705 1838 attulit.
756 1763 825 1839 Per
847 1761 964 1840 rosam
986 1763 1100 1843 nimi*-

135 1916 141 1963 :
187 1889 271 1942 tum
285 1861 441 1965 intelligi
453 1861 586 1938 debere
611 1864 639 1960 ι)
655 1862 787 1938 statum
805 1860 995 1965 sapientia,
1012 1889 1093 1966 quae

135 2014 141 2063 :
166 1963 331 2068 „asperto
352 1960 524 2057 suauiori,
547 1962 744 2041 dulcedine
767 1983 874 2065 atque
895 1963 1013 2041 odore
1026 1965 1093 2042 suo

187 2087 348 2142 amantes
368 2063 512 2159 allicerev
531 2061 659 2141 soleat:
681 2069 718 2160 2)
730 2064 862 2153 statum
876 2066 1012 2166 gratie,
1028 2092 1092 2145 cu-

188 2168 245 2244 ius
260 2163 451 2259 summam,
466 2164 555 2243 ficut
573 2165 613 2241 in
627 2164 713 2241 tofis
727 2162 983 2268 decerpendis,
998 2164 1092 2245 diffi-

186 2266 360 2345 cultatem
381 2264 457 2343 dari
479 2290 559 2343 non
580 2265 766 2367 quidema
785 2288 887 2369 parte
914 2269 1003 2360 Dei,
1027 2264 1092 2368 qui

135 2446 137 2461 ,
186 2364 427 2484 omnipoperis
438 2367 502 2483 est,
516 2364 579 2443 sed
593 2394 612 2442 a
627 2390 727 2470 parte
740 2366 899 2443 hominis
921 2388 1094 2485 peccato-

146 2632 148 2637 .
184 2466 950 2666 ddllaldlletedlldliesrerqaddisa:lgioGldlsidrsdffi
969 2490 1092 2648 stridig

184 2671 438 2772 virginitatem,
455 2692 608 2786 propter
623 2671 838 2762 bonit-atem,
854 2667 1091 2750 suauitates&

186 2766 431 2888 perfedliones
447 2795 586 2886 gratiae,
603 2771 880 2884 quibusomnes
904 2770 1013 2873 ipsam
1021 2796 1091 2888 ‘ve-

185 2871 586 3087 lilllllllllll
602 2873 706 3050 {533}
719 2871 1093 3087 illdllllglllpffid

185 3094 250 3151 tua
266 3073 375 3151 ammi
390 3073 586 3151 dulcedine
602 3074 670 3151 hac
683 3074 725 3150 in
746 3096 819 3150 tuta
840 3073 911 3150 iam
927 3072 1090 3176 degusta·

185 3197 228 3249 re
244 3170 387 3273 pollent
398 3174 462 3269 illi,
481 3176 545 3278 qui
558 3174 659 3267 vitia,
675 3196 754 3276 quae
769 3175 863 3251 viam
879 3173 923 3250 ad
939 3175 1092 3252 beatitu-

185 3272 314 3388 dinem
336 3274 583 3390 praecludunt,
598 3276 749 3389 enitent..
795 3273 955 3352 Tantam
977 3300 1091 3391 porro

185 3374 269 3452 libn
290 3375 397 3452 huius
425 3377 619 3453 utilitatem·
640 3375 826 3479 praedicat,
848 3398 891 3451 ut
912 3376 1091 3478 theologi,

184 3471 422 3579 philosophi,
446 3477 634 3578 astrologi,
665 3498 887 3578 geometra,
916 3478 1093 3575 alchymi-

183 3576 244 3657 sta
275 3598 382 3682 etque
410 3577 534 3685 optici·
548 3577 722 3758 mirabge
742 3573 875 3656 exinde
904 3577 1094 3682 percipere
