2575 4142
216 360 273 430 162
500 347 839 422 Mauonsu
945 343 951 350 '

215 550 382 628 &andam
398 546 526 641 iumfit²
542 546 579 624 ἃ
594 572 669 650 prae
699 546 828 623 ceteris
854 543 1033 648 Hispanis
1073 573 1131 624 ro-

214 650 381 729 lixiffime
411 648 643 751 confignauit.
694 651 810 726 Datur
836 669 1016 752 praterea
1072 645 1152 744 'ud

216 751 354 833 Miffale
367 751 602 828 Toletauum.
619 751 677 826 Lu
703 749 736 827 d.
753 775 825 842 1551.
840 775 874 846 4.
891 747 942 824 de
955 775 1042 850 quo
1063 775 1132 828 nos

215 875 348 930 mouet
370 853 639 931 MART1NUS
665 775 759 928 dela
782 851 922 928 VERA
946 849 991 928 in
1015 851 1132 929 Indice

216 951 430 1031 Bibliotheca
451 954 564 1052 Regiae
586 955 616 1028 8.
638 951 823 1028 Laurentii
845 948 998 1050 Alphab.
1022 955 1131 1030 Mus.

216 1055 392 1168 Idemque
406 1053 542 1130 Miffale
564 1053 721 1128 mixtum
739 1051 941 1129 secundum
957 1052 1129 1131 ordinem

216 1157 382 1234 Eccleiiae
397 1155 600 1232 Toletanae.
615 1152 732 1255 Lugd.
743 1151 958 1247 Bat.1550.in
978 1153 1053 1232 fol.
1063 1156 1129 1232 iam

217 1255 390 1337 excusum
412 1255 592 1332 indicatur
614 1256 654 1331 iu
669 1254 894 1332 Bibliotheca
908 1255 1129 1350 Telleriam.

220 1353 226 1363 ’
266 1360 346 1453 Jam
367 1356 632 1433 ediss'ereudum
656 1356 743 1450 erit,
767 1355 964 1457 quomodo
997 1355 1130 1436 Miffue

217 1459 354 1537 hocin
379 1458 501 1541 lucem
530 1457 715 1559 publicam
744 1455 854 1534 fuerit
880 1458 1129 1560 promachim?

217 1560 530 1639 FRANCISCUS
553 1559 785 1636 XIMENEZ
798 1556 985 1637 Cisnerius
1002 1559 1082 1638 His

217 1663 359 1742 uiarum
375 1660 509 1735 Primas
525 1658 720 1763 priscasum
742 1659 1041 1739 ceremoniarum
1139 1687 1142 1692 ·

217 1759 428 1840 diofiffimus
443 1762 582 1863 primus
596 1761 692 1837 hauc
708 1787 830 1838 curam
844 1761 1129 1864 cogitationem·

217 1889 291 1965 que
305 1860 468 1965 suscepit,
483 1887 567 1938 cum
584 1864 682 1940 enim
696 1862 787 1939 ritus
801 1862 1028 1966 propediem
1043 1867 1142 1946 inte-'s

218 1968 351 2043 riturus
367 1963 560 2056 videretur,
570 1963 738 2040 adhibitis
755 1965 841 2040 viris
854 1962 907 2040 rei
920 1963 1140 2086 peritispu'-·¹

218 2092 321 2144 mum
337 2065 449 2143 libros
465 2091 607 2157 omnes,
623 2065 755 2166 quibus
770 2063 862 2142 sacra
876 2063 937 2141 illa
958 2089 1131 2146 continui

218 2191 363 2261 rentur,
384 2166 573 2244 Gotthicis
589 2165 672 2241 iilos
693 2166 841 2267 quidem
865 2165 1130 2248 chamueribu

219 2268 447 2370 conscriptos
462 2269 524 2343 vix
539 2268 662 2369 paucis
677 2267 892 2371 quibusdam
906 2264 1085 2350 sacrificis

219 2395 389 2471 tempore
413 2370 603 2470 cognitos,
617 2369 657 2444 in
673 2368 825 2462 vulvaris
839 2367 1038 2449 literaturae
1059 2371 1136 2454 foa.

218 2498 317 2547 mam
332 2469 574 2571 redigendos,
596 2431 898 2573 impressisriisque
918 2469 1060 2552 formis
1118 2479 1121 2484 ’

219 2570 411 2648 cudendus
426 2572 572 2647 curauit.
623 2578 647 2616 “
658 2574 768 2694 ipram
781 2594 879 2664 vero,
893 2573 1022 2675 pergit
1043 2577 1087 2656 Ο

219 2681 244 2722 “
255 2672 665 2763 T121U8,charaueres
683 2672 731 2748 'lli
747 2697 824 2747 nou
841 2672 1039 2756 omninoa
1060 2677 1074 2754 l
1110 2757 1124 2766 ..

220 2783 245 2822 “
256 2775 312 2849 nis
334 2772 464 2848 nostris
487 2699 721 2892 abhorpdies
743 2771 804 2848 sed
827 2773 962 2874 partim
978 2777 1077 2876 quid

221 2882 246 2922 “
256 2874 402 2951 illorum
420 2873 545 2949 eadem
563 2873 692 2968 forma,
701 2900 770 2975 qua
787 2874 910 2968 nostri,
925 2869 1130 2978 partimve*

220 2984 298 3051 “ro
319 2974 568 3075 quadantenus
593 2973 799 3051 differenti:
825 3000 920 3076 quos
933 3001 1005 3092 per
1030 2975 1130 3074 GUa

220 3085 244 3124 “
256 3079 419 3154 DILAM
428 3076 610 3177 quendam
618 3075 840 3178 Episcopum
849 3098 952 3178 genta
960 3079 1129 3182 Gouha

222 3188 338 3254 “rum
362 3203 539 3254 unacum
563 3177 651 3254 fidei
672 3178 885 3254 Christiana
911 3178 1131 3262 rudimenti

221 3279 408 3355 “traditos
432 3276 577 3354 ferunt:
603 3306 684 3380 quae
702 3280 824 3381 postea
838 3277 994 3381 quidem
1014 3281 1139 3378 Tolm·¹

221 3389 245 3428 α
258 3403 339 3457 tana
353 3380 473 3470 litera,
489 3379 623 3455 deiude
648 3381 756 3456 etiam
778 3379 1019 3458 Mozarabum
1040 3381 1080 3460 di

222 3484 342 3558 “ests
366 3482 471 3558 Preio
485 3482 618 3557 adstitit
639 3482 959 3558 uusousus
984 3483 1062 3562 ou
1108 3573 1112 3580 ,

221 3583 374 3677 ZIUS,
410 3583 510 3660 cuius
535 3582 958 3685 quidem-BLASIUS
983 3583 1132 3766 Οὲως
